<record><leader>00000cas a2200000 a 4500</leader><controlfield tag="001">26925067</controlfield><controlfield tag="008">921106c19929999kyucr ne      0   a0eng d</controlfield><controlfield tag="009">5569</controlfield><datafield ind1=" " ind2=" " tag="010"><subfield code="a">sn 92056615 </subfield></datafield><datafield ind1=" " ind2=" " tag="040"><subfield code="a">KNP</subfield><subfield code="b">eng</subfield><subfield code="c">KNP</subfield><subfield code="d">NSD</subfield><subfield code="d">OCLCQ</subfield><subfield code="d">KYUBL</subfield><subfield code="d">OCLCQ</subfield><subfield code="d">OCLCO</subfield><subfield code="d">OCLCF</subfield></datafield><datafield ind1=" " ind2=" " tag="012"><subfield code="m">1</subfield></datafield><datafield ind1="1" ind2=" " tag="022"><subfield code="a">1066-8071</subfield><subfield code="l">1066-8071</subfield><subfield code="2">1</subfield></datafield><datafield ind1="1" ind2=" " tag="029"><subfield code="a">AU@</subfield><subfield code="b">000020725278</subfield></datafield><datafield ind1="1" ind2=" " tag="029"><subfield code="a">AU@</subfield><subfield code="b">000053257782</subfield></datafield><datafield ind1=" " ind2=" " tag="032"><subfield code="a">386240</subfield><subfield code="b">USPS</subfield></datafield><datafield ind1=" " ind2=" " tag="042"><subfield code="a">msc</subfield><subfield code="a">nsdp</subfield></datafield><datafield ind1=" " ind2=" " tag="043"><subfield code="a">n-us-ky</subfield></datafield><datafield ind1=" " ind2="0" tag="222"><subfield code="a">News-democrat &amp; leader</subfield></datafield><datafield ind1="0" ind2="0" tag="245"><subfield code="a">News-democrat &amp; leader.</subfield></datafield><datafield ind1="3" ind2="0" tag="246"><subfield code="a">News democrat and leader</subfield></datafield><datafield ind1=" " ind2=" " tag="260"><subfield code="a">Russellville, Logan County, Ky. :</subfield><subfield code="b">Park Newspapers of Kentucky,</subfield><subfield code="c">[1992]-</subfield></datafield><datafield ind1=" " ind2=" " tag="300"><subfield code="a">v. :</subfield><subfield code="b">ill.</subfield></datafield><datafield ind1=" " ind2=" " tag="310"><subfield code="a">Semiweekly</subfield></datafield><datafield ind1="0" ind2=" " tag="362"><subfield code="a">Vol. 195, no. 44 (Nov. 2, 1992)-</subfield></datafield><datafield ind1=" " ind2=" " tag="515"><subfield code="a">Continues volume numbering of: News-democrat (Russellville, Ky.).</subfield></datafield><datafield ind1=" " ind2=" " tag="580"><subfield code="a">Formed by the union of: News-democrat (Russellville, Ky.), and: Logan leader (Russellville, Ky.).</subfield></datafield><datafield ind1=" " ind2="0" tag="651"><subfield code="a">Logan County (Ky.)</subfield><subfield code="v">Newspapers.</subfield></datafield><datafield ind1=" " ind2="0" tag="651"><subfield code="a">Russellville (Ky.)</subfield><subfield code="v">Newspapers.</subfield></datafield><datafield ind1=" " ind2="7" tag="655"><subfield code="a">Newspapers.</subfield><subfield code="2">fast</subfield><subfield code="0">(OCoLC)fst01423814</subfield></datafield><datafield ind1=" " ind2="7" tag="651"><subfield code="a">Kentucky</subfield><subfield code="z">Logan County.</subfield><subfield code="2">fast</subfield><subfield code="0">(OCoLC)fst01216586</subfield></datafield><datafield ind1=" " ind2="7" tag="651"><subfield code="a">Kentucky</subfield><subfield code="z">Russellville.</subfield><subfield code="2">fast</subfield><subfield code="0">(OCoLC)fst01218759</subfield></datafield><datafield ind1=" " ind2=" " tag="752"><subfield code="a">United States</subfield><subfield code="b">Kentucky</subfield><subfield code="c">Logan</subfield><subfield code="d">Russellville.</subfield></datafield><datafield ind1="1" ind2="4" tag="780"><subfield code="t">Logan leader (Russellville, Ky.)</subfield><subfield code="w">(DLC)sn 86069336</subfield><subfield code="w">(OCoLC)13958057</subfield></datafield><datafield ind1="1" ind2="4" tag="780"><subfield code="t">News-democrat (Russellville, Ky.)</subfield><subfield code="w">(DLC)sn 86069357</subfield><subfield code="w">(OCoLC)13997682</subfield></datafield></record>